%% This BibTeX bibliography file was created using BibDesk.
%% https://bibdesk.sourceforge.io/

%% Created for Tyler Foster at 2023-04-01 07:22:15 -0400 


%% Saved with string encoding Unicode (UTF-8) 



@book{Geo,
	Author = {Tymoczko, Dmitri},
	Date-Added = {2023-04-01 07:20:37 -0400},
	Date-Modified = {2023-04-01 07:22:09 -0400},
	Month = {March},
	Publisher = {Oxford University Press},
	Series = {Oxford Studies in Music Theory},
	Title = {A Geometry of Music: Harmony and Counterpoint in the Extended Common Practice},
	Year = {2011}}

@book{NeoRie,
	Date-Added = {2023-04-01 07:17:42 -0400},
	Date-Modified = {2023-04-01 07:18:54 -0400},
	Editor = {Gollin, Edward and Rehding, Alexander},
	Month = {May},
	Publisher = {Oxford University Press},
	Series = {Oxford Handbooks},
	Title = {The Oxford Handbook of Neo-Riemannian Music Theories},
	Year = {2014}}

@book{TenneyScratch,
	Author = {Tenney, James},
	Date-Added = {2023-04-01 07:13:32 -0400},
	Date-Modified = {2023-04-01 07:16:24 -0400},
	Editor = {Polansky, Larry and Pratt, Lauren and Wannamaker, Robert and Winter, Michael},
	Month = {October},
	Publisher = {University of Illinois Press},
	Title = {From Scratch: Writings in Music Theory},
	Year = {2014}}

@book{TenneyV1,
	Author = {Robert Wannamaker},
	Date-Added = {2023-04-01 07:10:57 -0400},
	Date-Modified = {2023-04-01 07:12:26 -0400},
	Month = {December},
	Publisher = {University of Illinois Press},
	Title = {The Music of James Tenney: Volume 1: Contexts and Paradigms},
	Volume = {1},
	Year = {2021}}

@book{Cohn,
	Author = {Cohn, Richard},
	Date-Added = {2023-04-01 07:05:53 -0400},
	Date-Modified = {2023-04-01 07:07:32 -0400},
	Month = {January},
	Publisher = {Oxford University Press},
	Series = {Oxford Studies in Music Theory},
	Title = {Audacious Euphony: Chromatic Harmony and the Triad's Second Nature},
	Year = {2012}}

@unpublished{Tao,
	Author = {Tao, Terence},
	Date-Added = {2023-04-01 06:55:43 -0400},
	Date-Modified = {2023-04-01 07:00:10 -0400},
	Lastchecked = {04/01/2023},
	Note = {\url{https://www.math.ucla.edu/~tao/247b.1.07w/}},
	Title = {Notes 9 {\&} 10 for MATH 247B : Fourier analysis},
	Url = {https://www.math.ucla.edu/~tao/247b.1.07w/}}

@book{Schmitt,
	Date-Added = {2023-04-01 06:48:14 -0400},
	Date-Modified = {2023-04-01 06:48:24 -0400},
	Editor = {Schmitt, Alexander H. W.},
	Fseries = {Trends in Mathematics},
	Isbn = {978-3-0346-0287-7},
	Issn = {2297-0215},
	Keywords = {14-06,14M15,14H30,14A20,00B15},
	Language = {English},
	Publisher = {Basel: Birkh{\"a}user},
	Series = {Trends Math.},
	Title = {Affine flag manifolds and principal bundles},
	Year = {2010},
	Zbl = {1193.14003},
	Zbmath = {5634087}}

@book{Tim,
	Author = {Timashev, Dmitry A.},
	Date-Added = {2023-03-31 12:28:54 -0400},
	Date-Modified = {2023-03-31 12:29:04 -0400},
	Doi = {10.1007/978-3-642-18399-7},
	Fseries = {Encyclopaedia of Mathematical Sciences},
	Isbn = {978-3-642-18398-0; 978-3-642-18399-7},
	Issn = {0938-0396},
	Keywords = {14L30,14-02,14M15,14M17},
	Language = {English},
	Publisher = {Berlin: Springer},
	Series = {Encycl. Math. Sci.},
	Title = {Homogeneous spaces and equivariant embeddings},
	Volume = {138},
	Year = {2011},
	Zbl = {1237.14057},
	Zbmath = {5844504},
	Bdsk-Url-1 = {https://doi.org/10.1007/978-3-642-18399-7}}

@book{Serre,
	Author = {Serre, Jean-Pierre},
	Date-Added = {2023-03-31 12:27:51 -0400},
	Date-Modified = {2023-03-31 12:28:45 -0400},
	Edition = {Corrected 2nd printing of the 1980 original},
	Fseries = {Springer Monographs in Mathematics},
	Isbn = {3-540-44237-5},
	Issn = {1439-7382},
	Keywords = {20-02,20E08,20G25,20E06,20F65,20E42,05C05},
	Language = {English},
	Publisher = {Berlin: Springer},
	Series = {Springer Monogr. Math.},
	Title = {Trees. {Transl}. from the {French} by {John} {Stillwell}.},
	Year = {2003},
	Zbl = {1013.20001},
	Zbmath = {1842475}}

@url{Vakil,
	Author = {Vakil, Ravi},
	Date-Added = {2023-03-30 16:13:27 -0400},
	Date-Modified = {2023-03-30 16:15:47 -0400},
	Title = {The Rising Sea},
	Urldate = {http://math.stanford.edu/~vakil/216blog/FOAGdec3122public.pdf}}

@book{Pont,
	Author = {Pontrjagin, L.},
	Date-Added = {2023-03-30 16:02:40 -0400},
	Date-Modified = {2023-03-30 16:02:47 -0400},
	Fseries = {Princeton Mathematical Series},
	Jfm = {65.0872.02},
	Keywords = {22-01},
	Language = {English},
	Publisher = {Princeton University Press, Princeton, NJ},
	Series = {Princeton Math. Ser.},
	Title = {Topological groups. ({Translated} by {Emma} {Lehmer})},
	Volume = {2},
	Year = {1939},
	Zbmath = {2512250}}

@book{Proc,
	Author = {Procesi, Claudio},
	Date-Added = {2023-03-30 15:56:18 -0400},
	Date-Modified = {2023-03-30 15:56:24 -0400},
	Fseries = {Universitext},
	Isbn = {0-387-26040-4},
	Issn = {0172-5939},
	Keywords = {22-02,22E10,05E10,05E15,14L24,14M15,17B10,20G05,13A50},
	Language = {English},
	Publisher = {New York, NY: Springer},
	Series = {Universitext},
	Title = {Lie groups. {An} approach through invariants and representations},
	Year = {2007},
	Zbl = {1154.22001},
	Zbmath = {2225793}}

@book{Knapp86,
	Author = {Knapp, Anthony W.},
	Date-Added = {2023-03-30 15:43:22 -0400},
	Date-Modified = {2023-03-30 15:43:35 -0400},
	Fseries = {Princeton Mathematical Series},
	Keywords = {22-02,22E46,22E45,22E30,43A90,43A15},
	Language = {English},
	Publisher = {Princeton University Press, Princeton, NJ},
	Series = {Princeton Math. Ser.},
	Title = {Representation theory of semisimple groups. {An} overview based on examples},
	Volume = {36},
	Year = {1986},
	Zbl = {0604.22001},
	Zbmath = {3975241}}

@book{Knapp02,
	Author = {Knapp, Anthony W.},
	Date-Added = {2023-03-30 15:41:04 -0400},
	Date-Modified = {2023-03-30 15:41:16 -0400},
	Edition = {2nd ed.},
	Fseries = {Progress in Mathematics},
	Isbn = {0-8176-4259-5},
	Issn = {0743-1643},
	Keywords = {22E15,22-01,22E46},
	Language = {English},
	Publisher = {Boston, MA: Birkh{\"a}user},
	Series = {Prog. Math.},
	Title = {Lie groups beyond an introduction},
	Volume = {140},
	Year = {2002},
	Zbl = {1075.22501},
	Zbmath = {1849081}}

@misc{GS,
	Author = {Guillemin, Victor and Sternberg, Shlomo},
	Date-Added = {2023-03-30 15:34:03 -0400},
	Date-Modified = {2023-03-30 15:39:39 -0400},
	Howpublished = {Cambridge etc.: {Cambridge} {University} {Press}. {XI}, 468 pp},
	Keywords = {37J99,58-02,57R30,81T08,53C80,53D50,37J35,37K10,57S25,81V45},
	Language = {English},
	Title = {Symplectic techniques in physics},
	Year = {1984},
	Zbl = {0576.58012},
	Zbmath = {3921572}}

@book{FH,
	Author = {Fulton, William and Harris, Joe},
	Date-Added = {2023-03-30 15:29:02 -0400},
	Date-Modified = {2023-03-30 15:29:24 -0400},
	Fseries = {Graduate Texts in Mathematics},
	Isbn = {0-387-97495-4; 0-387-97527-6},
	Issn = {0072-5285},
	Keywords = {22-01,20-01,20G05,22E46,17B10,22E60,17B20,17-01},
	Language = {English},
	Publisher = {New York etc.: Springer-Verlag},
	Series = {Grad. Texts Math.},
	Title = {Representation theory. {A} first course},
	Volume = {129},
	Year = {1991},
	Zbl = {0744.22001},
	Zbmath = {51906}}
